
@TechReport{RAVENuserManual,
author = {Cristian Rabiti and Andrea Alfonsi and Joshua Cogliati and Diego Mandelli and Robert Kinoshita and Sonat Sen},
title = {RAVEN User Manual},
institution = {Idaho National Laboratory},
year = {2015},
OPTkey = {NL/EXT-15-34123},
OPTtype = {•},
OPTnumber = {•},
OPTaddress = {•},
OPTmonth = {•},
OPTnote = {•},
OPTannote = {rev.4}
}

