
@TechReport{RAVENuserManual,
author = {Cristian Rabiti and Andrea Alfonsi and Joshua Cogliati and Diego Mandelli and Robert Kinoshita and Sonat Sen and Congjian Wang and Paul W. Talbot and Daniel P. Maljovec and Jun Chen},
title = {RAVEN User Manual},
institution = {Idaho National Laboratory},
year = {2017},
OPTkey = {NL/EXT-15-34123},
OPTtype = {•},
OPTnumber = {rev.6},
OPTaddress = {•},
OPTmonth = {March},
OPTnote = {•}
}

