%   ****************************************
%   * File: SAMPLE.BIB                     *
%   ****************************************
%   * An invented bib file                 *
%   * For the sample texts                 *
%   * The order is unimportant and there   *
%   * may be more entries than references  *
%   * in the text                          *
%   ****************************************
% 
@ARTICLE{smit54,
	AUTHOR = {J. G. Smith and H. K. Weston},
	TITLE = {Nothing Particular in this Year's History},
	YEAR = {1954},
	JOURNAL = {J. Geophys. Res.},
	VOLUME = {2},
	PAGES = {14-15}
}